@inproceedings{aldribi15,
  title     = {Cloud Slicing a new architecture for cloud security monitoring},
  url       = {http://dx.doi.org/10.1109/PACRIM.2015.7334802},
  urldate   = {2025-05-24},
  doi       = {10.1109/pacrim.2015.7334802},
  booktitle = {2015 IEEE Pacific Rim Conference on Communications,  Computers and Signal Processing (PACRIM)},
  publisher = {IEEE},
  author    = {Aldribi,  Abdulaziz and Traore,  Issa and Letourneau,  Gabriel},
  year      = {2015},
  month     = aug,
  pages     = {18-22}
}

@book{cambric23,
  title     = {Cloud Auditing Best Practices},
  author    = {Cambric, Shinesa and Ratemo, Michael},
  publisher = {Packt Publishing},
  url       = {https://learning.oreilly.com/library/view/cloud-auditing-best/9781803243771/},
  urldate   = {2025-05-23},
  year      = {2023},
  address   = {Birmingham, England},
  language  = {en}
}

@inbook{carvallo17,
  title     = {Multi-cloud Applications Security Monitoring},
  isbn      = {9783319571867},
  issn      = {1611-3349},
  url       = {http://dx.doi.org/10.1007/978-3-319-57186-7_54},
  doi       = {10.1007/978-3-319-57186-7_54},
  booktitle = {Green,  Pervasive,  and Cloud Computing},
  publisher = {Springer International Publishing},
  author    = {Carvallo,  Pamela and Cavalli,  Ana R. and Mallouli,  Wissam and Rios,  Erkuden},
  year      = {2017},
  pages     = {748-758}
}

@article{casola20,
  title     = {A novel Security-by-Design methodology: Modeling and assessing security by SLAs with a quantitative approach},
  volume    = {163},
  issn      = {0164-1212},
  url       = {http://dx.doi.org/10.1016/j.jss.2020.110537},
  doi       = {10.1016/j.jss.2020.110537},
  journal   = {Journal of Systems and Software},
  publisher = {Elsevier BV},
  author    = {Casola,  Valentina and De Benedictis,  Alessandra and Rak,  Massimiliano and Villano,  Umberto},
  year      = {2020},
  month     = may,
  pages     = {110537}
}

@misc{csa_cloud_risk20,
  author       = {Vince Campitelli and Daniele Catteddu and John Di Maria},
  howpublished = {cloudsecurityalliance.org},
  title        = {CSA's Perspective on Cloud Risk Management},
  url          = {https://cloudsecurityalliance.org/artifacts/csa-s-perspective-on-cloud-risk-management},
  urldate      = {2025-05-24},
  year         = {2020}
}

@misc{csis25,
  author    = {{Lewis Commission}},
  publisher = {Center for Strategic and International Studies},
  title     = {Faster into the Cloud: Accelerating Federal Use of Cloud Services for Security and Efficiency},
  url       = {https://web.archive.org/web/20250116234900/https://csis-website-prod.s3.amazonaws.com/s3fs-public/2025-01/250115_Lewis_Cloud_Commission.pdf},
  urldate   = {2025-05-18},
  year      = {2025}
}

@misc{ekrct23a,
  author  = {Eric Rescorla},
  title   = {A hard look at Certificate Transparency, Part I: Transparency Systems},
  url     = {https://educatedguesswork.org/posts/transparency-part-1/},
  urldate = {2023-05-23},
  date    = {2023-12-13},
  year    = {2023}
}

@misc{ekrct23b,
  author  = {Eric Rescorla},
  title   = {A hard look at Certificate Transparency: CT in Reality},
  url     = {https://educatedguesswork.org/posts/transparency-part-2/},
  urldate = {2023-05-23},
  date    = {2023-12-25},
  year    = {2023}
}

@misc{ekrsw24,
  author  = {Eric Rescorla},
  title   = {Why it's hard to trust software, but you mostly have to anyway},
  url     = {https://educatedguesswork.org/posts/ensuring-software-provenance/},
  urldate = {2025-05-24},
  date    = {2024-12-28},
  year    = {2024}
}

@misc{fedramp_auth_playbook25,
  author  = {FedRAMP},
  title   = {FedRAMP CSP Authorization Playbook},
  url     = {https://web.archive.org/web/20250413105351/https://www.fedramp.gov/assets/resources/documents/CSP_Authorization_Playbook.pdf},
  urldate = {2025-05-18},
  date    = {2025-01-17},
  year    = {2025}
}

@misc{gartner24,
  author  = {Gartner},
  url     = {https://web.archive.org/web/20250415023404/https://www.gartner.com/en/newsroom/press-releases/2024-11-19-gartner-forecasts-worldwide-public-cloud-end-user-spending-to-total-723-billion-dollars-in-2025},
  title   = {Gartner Forecasts Worldwide Public Cloud End-User Spending to Total \$723 Billion in 2025},
  urldate = {2025-05-18},
  date    = {2024-11-19},
  year    = {2024}
}

@inproceedings{ismail16,
  title     = {Towards Cloud Security Monitoring: A Case Study},
  url       = {http://dx.doi.org/10.1109/CCC.2016.8},
  doi       = {10.1109/ccc.2016.8},
  booktitle = {2016 Cybersecurity and Cyberforensics Conference (CCC)},
  publisher = {IEEE},
  author    = {Ismail,  Umar Mukhtar and Islam,  Syed and Islam,  Shareeful},
  year      = {2016},
  month     = aug,
  pages     = {8-14}
}

@article{kuerbis23,
  title     = {Exploring the role of data enclosure in the digital political economy},
  volume    = {47},
  issn      = {0308-5961},
  url       = {http://dx.doi.org/10.1016/j.telpol.2023.102599},
  doi       = {10.1016/j.telpol.2023.102599},
  number    = {8},
  journal   = {Telecommunications Policy},
  publisher = {Elsevier BV},
  author    = {Kuerbis, Brenden and Mueller, Milton},
  year      = {2023},
  month     = sep,
  pages     = {102599}
}

@misc{kunz22,
  doi       = {10.48550/ARXIV.2206.07323},
  url       = {https://arxiv.org/abs/2206.07323},
  author    = {Kunz,  Immanuel and Schneider,  Angelika and Banse,  Christian},
  keywords  = {Cryptography and Security (cs.CR),  FOS: Computer and information sciences,  FOS: Computer and information sciences},
  title     = {A Continuous Risk Assessment Methodology for Cloud Infrastructures},
  publisher = {arXiv},
  year      = {2022},
  copyright = {Creative Commons Attribution 4.0 International}
}

@article{laurie14,
  title     = {Certificate Transparency: Public,  verifiable,  append-only logs},
  volume    = {12},
  issn      = {1542-7749},
  url       = {https://dl.acm.org/doi/pdf/10.1145/2668152.2668154},
  urldate   = {2025-05-24},
  doi       = {10.1145/2668152.2668154},
  number    = {8},
  journal   = {Queue},
  publisher = {Association for Computing Machinery (ACM)},
  author    = {Laurie, Ben},
  year      = {2014},
  month     = aug,
  pages     = {10-19}
}

@book{majumdar19,
  title     = {Cloud Security Auditing},
  author    = {Majumdar, Suryadipta and Madi, Taous and Wang, Yushun and
               Tabiban, Azadeh and Oqaily, Momen and Alimohammadifar, Amir and
               Jarraya, Yosr and Pourzandi, Makan and Wang, Lingyu and Debbabi,
               Mourad},
  publisher = {Springer Nature},
  url       = {https://link.springer.com/book/10.1007/978-3-030-23128-6},
  urldate   = {2025-05-23},
  month     = {aug},
  year      = {2019},
  address   = {Cham, Switzerland},
  language  = {en}
}

@misc{soveizi23,
  doi       = {10.48550/ARXIV.2307.05137},
  url       = {https://arxiv.org/abs/2307.05137},
  author    = {Soveizi,  Nafiseh and Turkmen,  Fatih},
  keywords  = {Cryptography and Security (cs.CR),  Software Engineering (cs.SE),  FOS: Computer and information sciences,  FOS: Computer and information sciences},
  title     = {SecFlow: Adaptive Security-Aware Workflow Management System in Multi-Cloud Environments},
  publisher = {arXiv},
  year      = {2023},
  copyright = {Creative Commons Attribution 4.0 International}
}

@misc{stackarmor24,
  author  = {stackArmor},
  title   = {How Much Does FedRAMP Compliance Cost?},
  url     = {https://web.archive.org/web/20240808151743/https://stackarmor.com/how-much-does-fedramp-compliance-cost/},
  urldate = {2025-05-18},
  date    = {2024-05-21},
  year    = {2024}
}

@article{torkura2021,
  title     = {Continuous auditing and threat detection in multi-cloud infrastructure},
  volume    = {102},
  issn      = {0167-4048},
  url       = {http://dx.doi.org/10.1016/j.cose.2020.102124},
  doi       = {10.1016/j.cose.2020.102124},
  journal   = {Computers &amp; Security},
  publisher = {Elsevier BV},
  author    = {Torkura,  K.A. and Sukmana,  Muhammad I.H. and Cheng,  Feng and Meinel,  Christoph},
  year      = {2021},
  month     = mar,
  pages     = {102124}
}

@article{weir24,
  doi       = {10.48550/ARXIV.2405.02070},
  url       = {https://arxiv.org/abs/2405.02070},
  author    = {Weir,  George R. S. and AÃŸmuth,  Andreas},
  keywords  = {Cryptography and Security (cs.CR),  Distributed,  Parallel,  and Cluster Computing (cs.DC),  FOS: Computer and information sciences,  FOS: Computer and information sciences},
  title     = {Strategies for Intrusion Monitoring in Cloud Services},
  publisher = {arXiv},
  year      = {2024},
  copyright = {arXiv.org perpetual,  non-exclusive license}
}
